@misc{delétang2024languagemodelingcompression,
      title={Language Modeling Is Compression}, 
      author={Grégoire Delétang and Anian Ruoss and Paul-Ambroise Duquenne and Elliot Catt and Tim Genewein and Christopher Mattern and Jordi Grau-Moya and Li Kevin Wenliang and Matthew Aitchison and Laurent Orseau and Marcus Hutter and Joel Veness},
      year={2024},
      eprint={2309.10668},
      archivePrefix={arXiv},
      primaryClass={cs.LG},
      url={https://arxiv.org/abs/2309.10668}, 
}

@misc{lin2022teachingmodelsexpressuncertainty,
      title={Teaching Models to Express Their Uncertainty in Words}, 
      author={Stephanie Lin and Jacob Hilton and Owain Evans},
      year={2022},
      eprint={2205.14334},
      archivePrefix={arXiv},
      primaryClass={cs.CL},
      url={https://arxiv.org/abs/2205.14334}, 
}

@misc{liu2023lostmiddlelanguagemodels,
      title={Lost in the Middle: How Language Models Use Long Contexts}, 
      author={Nelson F. Liu and Kevin Lin and John Hewitt and Ashwin Paranjape and Michele Bevilacqua and Fabio Petroni and Percy Liang},
      year={2023},
      eprint={2307.03172},
      archivePrefix={arXiv},
      primaryClass={cs.CL},
      url={https://arxiv.org/abs/2307.03172}, 
}

@misc{wu2022memorizingtransformers,
      title={Memorizing Transformers}, 
      author={Yuhuai Wu and Markus N. Rabe and DeLesley Hutchins and Christian Szegedy},
      year={2022},
      eprint={2203.08913},
      archivePrefix={arXiv},
      primaryClass={cs.LG},
      url={https://arxiv.org/abs/2203.08913}, 
}

@misc{weng2023largelanguagemodelsbetter,
      title={Large Language Models are Better Reasoners with Self-Verification}, 
      author={Yixuan Weng and Minjun Zhu and Fei Xia and Bin Li and Shizhu He and Shengping Liu and Bin Sun and Kang Liu and Jun Zhao},
      year={2023},
      eprint={2212.09561},
      archivePrefix={arXiv},
      primaryClass={cs.AI},
      url={https://arxiv.org/abs/2212.09561}, 
}

@misc{asai2023selfraglearningretrievegenerate,
      title={Self-RAG: Learning to Retrieve, Generate, and Critique through Self-Reflection}, 
      author={Akari Asai and Zeqiu Wu and Yizhong Wang and Avirup Sil and Hannaneh Hajishirzi},
      year={2023},
      eprint={2310.11511},
      archivePrefix={arXiv},
      primaryClass={cs.CL},
      url={https://arxiv.org/abs/2310.11511}, 
}

@article{Besta_2024,
   title={Graph of Thoughts: Solving Elaborate Problems with Large Language Models},
   volume={38},
   ISSN={2159-5399},
   url={http://dx.doi.org/10.1609/aaai.v38i16.29720},
   DOI={10.1609/aaai.v38i16.29720},
   number={16},
   journal={Proceedings of the AAAI Conference on Artificial Intelligence},
   publisher={Association for the Advancement of Artificial Intelligence (AAAI)},
   author={Besta, Maciej and Blach, Nils and Kubicek, Ales and Gerstenberger, Robert and Podstawski, Michal and Gianinazzi, Lukas and Gajda, Joanna and Lehmann, Tomasz and Niewiadomski, Hubert and Nyczyk, Piotr and Hoefler, Torsten},
   year={2024},
   month=mar, pages={17682–17690} 
}


@misc{zhou2023leasttomostpromptingenablescomplex,
      title={Least-to-Most Prompting Enables Complex Reasoning in Large Language Models}, 
      author={Denny Zhou and Nathanael Schärli and Le Hou and Jason Wei and Nathan Scales and Xuezhi Wang and Dale Schuurmans and Claire Cui and Olivier Bousquet and Quoc Le and Ed Chi},
      year={2023},
      eprint={2205.10625},
      archivePrefix={arXiv},
      primaryClass={cs.AI},
      url={https://arxiv.org/abs/2205.10625}, 
}

@article{Wei2022ChainOT,
  title={Chain of Thought Prompting Elicits Reasoning in Large Language Models},
  author={Jason Wei and Xuezhi Wang and Dale Schuurmans and Maarten Bosma and Ed Huai-hsin Chi and F. Xia and Quoc Le and Denny Zhou},
  journal={ArXiv},
  year={2022},
  volume={abs/2201.11903},
  url={https://api.semanticscholar.org/CorpusID:246411621}
}

@article{lai2017large,
title={RACE: Large-scale ReAding Comprehension Dataset From Examinations},
author={Lai, Guokun and Xie, Qizhe and Liu, Hanxiao and Yang, Yiming and Hovy, Eduard},
journal={arXiv preprint arXiv:1704.04683},  
year={2017}
}

@misc{qin2023toolllmfacilitatinglargelanguage,
      title={ToolLLM: Facilitating Large Language Models to Master 16000+ Real-world APIs}, 
      author={Yujia Qin and Shihao Liang and Yining Ye and Kunlun Zhu and Lan Yan and Yaxi Lu and Yankai Lin and Xin Cong and Xiangru Tang and Bill Qian and Sihan Zhao and Lauren Hong and Runchu Tian and Ruobing Xie and Jie Zhou and Mark Gerstein and Dahai Li and Zhiyuan Liu and Maosong Sun},
      year={2023},
      eprint={2307.16789},
      archivePrefix={arXiv},
      primaryClass={cs.AI},
      url={https://arxiv.org/abs/2307.16789}, 
}

@misc{jiang2020improvingmachinereadingcomprehension,
      title={Improving Machine Reading Comprehension with Single-choice Decision and Transfer Learning}, 
      author={Yufan Jiang and Shuangzhi Wu and Jing Gong and Yahui Cheng and Peng Meng and Weiliang Lin and Zhibo Chen and Mu li},
      year={2020},
      eprint={2011.03292},
      archivePrefix={arXiv},
      primaryClass={cs.CL},
      url={https://arxiv.org/abs/2011.03292}, 
}

@misc{zhang2023languagemodelhallucinationssnowball,
      title={How Language Model Hallucinations Can Snowball}, 
      author={Muru Zhang and Ofir Press and William Merrill and Alisa Liu and Noah A. Smith},
      year={2023},
      eprint={2305.13534},
      archivePrefix={arXiv},
      primaryClass={cs.CL},
      url={https://arxiv.org/abs/2305.13534}, 
}